Quarter,Total_Revenue,Operating_Costs,Net_Profit,Profit_Margin,Market_Share,Customer_Lifetime_Value,Churn_Rate
Q1_2023,2450000,1715000,735000,30.0,12.3,2850,8.5
Q2_2023,2680000,1876000,804000,30.0,12.8,2920,8.2
Q3_2023,2890000,2023000,867000,30.0,13.2,3040,7.9
Q4_2023,3120000,2184000,936000,30.0,13.8,3180,7.5
Q1_2024,3380000,2366000,1014000,30.0,14.3,3310,7.2
Q2_2024,3690000,2583000,1107000,30.0,15.1,3480,6.8
Q3_2024,4020000,2814000,1206000,30.0,15.8,3640,6.5
Q4_2024,4380000,3066000,1314000,30.0,16.5,3820,6.1
